@inproceedings{Sentinel,
  title={Automated Device-Type Identification for Security Enforcement in IoT,"},
  author={SENTINEL, IoT},
  booktitle={2017 IEEE 37th International Conference on Distributed Computing Systems (ICDCS), Atlanta, GA},
  year={2017}
}

@inproceedings{SysID,
  title={Automated iot device identification using network traffic},
  author={Aksoy, Ahmet and Gunes, Mehmet Hadi},
  booktitle={ICC 2019-2019 IEEE International Conference on Communications (ICC)},
  pages={1--7},
  year={2019},
  organization={IEEE}
}

@article{Automated,
  title={Automated IoT device identification based on full packet information using real-time network traffic},
  author={Yousefnezhad, Narges and Malhi, Avleen and Fr{\"a}mling, Kary},
  journal={Sensors},
  volume={21},
  number={8},
  pages={2660},
  year={2021},
  publisher={Multidisciplinary Digital Publishing Institute}
}

@inproceedings{Network,
  title={Network Traffic Analysis based IoT Device Identification},
  author={Chowdhury, Rajarshi Roy and Aneja, Sandhya and Aneja, Nagender and Abas, Emeroylariffion},
  booktitle={Proceedings of the 2020 the 4th International Conference on Big Data and Internet of Things},
  pages={79--89},
  year={2020}
}

@inproceedings{Profolit,
  title={ProfilIoT: A machine learning approach for IoT device identification based on network traffic analysis},
  author={Meidan, Yair and Bohadana, Michael and Shabtai, Asaf and Guarnizo, Juan David and Ochoa, Mart{\'\i}n and Tippenhauer, Nils Ole and Elovici, Yuval},
  booktitle={Proceedings of the symposium on applied computing},
  pages={506--509},
  year={2017}
}

@article{Privacy,
  title={Systematically Quantifying IoT Privacy Leakage in Mobile Networks},
  author={Hui, Shuodi and Wang, Zhenhua and Hou, Xueshi and Wang, Xiao and Wang, Huandong and Li, Yong and Jin, Depeng},
  journal={IEEE Internet of Things Journal},
  volume={8},
  number={9},
  pages={7115--7125},
  year={2020},
  publisher={IEEE}
}


